<?xml version="1.0" encoding="UTF-8"?><collection xmlns="http://www.loc.gov/MARC21/slim"><record><leader>00356nam--2200133-i-4500</leader><controlfield tag="001">000046762</controlfield><controlfield tag="002">20161230</controlfield><controlfield tag="005">20161230201046</controlfield><controlfield tag="008">060222s1000------------r-----000-0-eng-d</controlfield><datafield ind1=" " ind2=" " tag="080"><subfield code="a">621.039(094.1)(043)</subfield></datafield><datafield ind1=" " ind2=" " tag="100"><subfield code="a">Wald, Alexander</subfield></datafield><datafield ind1=" " ind2=" " tag="245"><subfield code="a">Gemeinden im atomanlagenverfahren nach &amp; 7 atg. dissert</subfield></datafield><datafield ind1=" " ind2=" " tag="260"><subfield code="a">Munchen, Univ., 1978, X+225p</subfield></datafield><datafield ind1=" " ind2=" " tag="852"><subfield code="a">47121</subfield></datafield></record></collection>